@misc{ OOSE,
		author = "Bruegge and Dutoit",
		title = "Object-Oriented Software Engineering - using UML, Patterns and Java",
		edition = "third edition",
		publisher = "Pearson",
		Chapter = "1-16",
		year = "2010"
}
@misc{ OOSE2,
		author = "Bjarne",
		title = "OOSE bogen",
		year = "2014",
		date = "2-4-1013",
		page = "119"
}
@misc{ FakeIt,
        author = "David Lorge Parnas and Paul C. Clements",
        title = "A Rational Design Process: How and Why to Fake It",
        year = "1986",
        date = "2-2-1986"
}
@misc{ UseDesign,
        author = "John D. Gould and Clayton Lewis",
        title = "Designing for Usability: Key Principles and What Designers THink",
        year = "1985",
        month = "March"
}
@misc{ Scrum,
        author = "Jeff Sutherland",
        title = "Scrum Handbook",
        Year = "2010",
        Publisher = "Scrum Training Institute"
}
@misc{ Mockup,
        author = "Pelle Ehn and Morten Kyng",
        title = "Cardboard Computers: Mocking-it-up or Hands-on the Future",
        Year = "1991"
}
@misc{ SoftwareTest,
        author = "Peter Sestoft",
        title = "Systematic Software Testing",
        Year = "2008"
}
